@inproceedings{ribeiro2016should,
  title={" Why should i trust you?" Explaining the predictions of any classifier},
  author={Ribeiro, Marco Tulio and Singh, Sameer and Guestrin, Carlos},
  booktitle={Proceedings of the 22nd ACM SIGKDD international conference on knowledge discovery and data mining},
  pages={1135--1144},
  year={2016}
}

@book{cook1982residuals,
	title={Residuals and influence in regression},
	author={Cook, R Dennis and Weisberg, Sanford},
	pages={},
	year={1982},
	publisher={New York: Chapman and Hall}
}
